@online{storyblok,
    author    = {Storyblok},
    title     = {Storyblok - The Headless CMS for Developers},
    year      = {2024},
    url       = {https://www.storyblok.com/},
    urldate   = {2024-04-01}
}

@online{storyblokapi,
    author    = {Storyblok},
    title     = {Storyblok Docs},
    year      = {2024},
    url       = {https://www.storyblok.com/docs/api/content-delivery/v2/},
    urldate   = {2024-04-01}
}

@online{nextjs,
    author    = {Next.js},
    title     = {Next.js - The React Framework},
    year      = {2024},
    url       = {https://nextjs.org/},
    urldate   = {2024-04-01}
}

@online{nextjsdocs,
    author    = {Next.js},
    title     = {Next.js Docs},
    year      = {2024},
    url       = {https://nextjs.org/docs},
    urldate   = {2024-04-01}
}

@online{nextjsdocsrouting,
    author    = {Next.js},
    title     = {Building Your Application: Routing},
    year      = {2024},
    url       = {https://nextjs.org/docs/app/building-your-application/routing},
    urldate   = {2024-04-01}
}

@online{nextjsdocsoptimizations,
    author    = {Next.js},
    title     = {Building Your Application: Optimizations},
    year      = {2024},
    url       = {https://nextjs.org/docs/app/building-your-application/optimizing},
    urldate   = {2024-04-01}
}

@online{nextjsdocsrendering,
    author    = {Next.js},
    title     = {Building Your Application: Rendering},
    year      = {2024},
    url       = {https://nextjs.org/docs/app/building-your-application/rendering},
    urldate   = {2024-04-01}
}

@online{vercel,
    author    = {Vercel},
    title     = {Vercel - Develop. Preview. Ship.},
    year      = {2024},
    url       = {https://vercel.com/},
    urldate   = {2024-04-01}
}
